@inproceedings{sastry1980plastic,
  title={Plastic deformation of TiAl and Ti3Al},
  author={Sastry, SML and Lipsitt, HA},
  booktitle={Proceedings of the 4th International Conference on Titanium},
  pages={1231--1243},
  year={1980}
}
