Automatically generated by Mendeley Desktop 1.19.2
Any changes to this file will be lost if it is regenerated by Mendeley.

BibTeX export options can be customized via Options -> BibTeX in Mendeley Desktop

@book{Figure,
author = {Figure, Supplementary},
doi = {10.15713/ins.mmj.3},
file = {:home/alex/.local/share/data/Mendeley Ltd./Mendeley Desktop/Downloaded/Figure - Unknown - Guide to Scientific Computing in C.pdf:pdf},
isbn = {9789004310087},
number = {c},
pages = {1--4},
pmid = {29982528},
title = {{Guide to Scientific Computing in C++}}
}
