Automatically generated by Mendeley Desktop 1.19.2
Any changes to this file will be lost if it is regenerated by Mendeley.

BibTeX export options can be customized via Options -> BibTeX in Mendeley Desktop

@article{Ruicheng,
author = {Ruicheng, Feng and Haiyang, Qiao and Haiyan, L I and Wenyuan, Song and Yongnian, Q I},
file = {:home/alex/Documents/Mendeley Desktop/Ruicheng et al/Unknown/Unknown - Effect of cutting crystal directions on micro-structure evolution of single crystal $\gamma$ -TiAl alloy.pdf:pdf},
title = {{Effect of cutting crystal directions on micro-structure evolution of single crystal $\gamma$ -TiAl alloy}}
}
@article{Engineering2018,
author = {Engineering, Electronical},
file = {:home/alex/Documents/Mendeley Desktop/Engineering/Unknown/2018 - Atomic Study on Cold Deformation Behaviour of Two Phase Alloy with and without Void Defect.pdf:pdf},
keywords = {alloy,molecular dynamics,void,$\alpha$ 2,$\gamma$ two phase tial},
pages = {1--9},
title = {{Atomic Study on Cold Deformation Behaviour of Two Phase Alloy with and without Void Defect}},
year = {2018}
}
@article{Feng2018,
author = {Feng, Ruicheng and Song, Wenyuan and Li, Haiyan and Qi, Yongnian and Qiao, Haiyang and Li, Longlong},
doi = {10.3390/ma11061025},
file = {:home/alex/Documents/Mendeley Desktop/Feng et al/Materials/2018 - Effects of Annealing on the Residual Stress in $\gamma$-TiAl Alloy by Molecular Dynamics Simulation.pdf:pdf},
issn = {1996-1944},
journal = {Materials},
keywords = {anneal,molecular dynamics,residual stress,$\gamma$ -tial alloy},
number = {6},
pages = {1025},
title = {{Effects of Annealing on the Residual Stress in $\gamma$-TiAl Alloy by Molecular Dynamics Simulation}},
url = {http://www.mdpi.com/1996-1944/11/6/1025},
volume = {11},
year = {2018}
}
